@ARTICLE{Alb05,
  author = {Albiston, Catherine R.},
  year = 2005,
  title = {Bargaining in the Shadow of Social Institutions: Competing Discourses and Social Change in the Workplace Mobilization of Civil Rights},
  journal = {Law and Society Review},
  volume = 39,
  number = 1,
  pages = {11--47},
  doi = {10.1111/j.0023-9216.2005.00076.x}}

@ARTICLE{Blair1977,
  author = 	{Blair, Walter},
  year = 	1977,
  title = 	{Americanized Comic Braggarts},
  journal = {Critical Inquiry},
  volume = 	4,
  number = 	2,
  pages = 	{331--349},
  doi = {10.1086/447940}}

@BOOK{Bro02,
  author = {Brooks, Daniel R. and McLennan, Deborah A.},
  title = {The Nature of Diversity: An Evolutionary Voyage of Discovery},
  address = {Chicago},
  publisher = {University of Chicago Press},
  year = 2002}

@BOOK{Bro86,
  author = {Brooks, Daniel R. and Wiley, E. O.},
  title = {Evolution as Entropy},
  edition = {Second},
  address = {Chicago},
  publisher = {University of Chicago Press},
  year = 1986}

@PRESENTATION{Bunn2018,
  author = {Bunn, Matthew and Anna Bennett and Penny Jane Burke},
  year = 2018,
  title = {Temporalities of Trust and Betrayal: Teaching and Learning in the Neoliberal University},
  organization = {Paper presented at the Society for Research in Higher Education Annual Research Conference},
  month = dec,
  address = {Newport, UK}}

@PHDTHESIS{Cho08,
  author = {Choi, Mihwa},
  year = 2008,
  title = {Contesting \emph{Imaginaires} in Death Rituals during the Northern {S}ong Dynasty},
  school = {University of Chicago},
  url = {http://pi.lib.uchicago.edu/1001/cat/bib/6820707}}

@ARTICLE{ChoGul08,
  author = {Choi, Stephen J. and Gulati, G. Mitu},
  year = 2008,
  title = {Bias in Judicial Citations: A Window into the Behavior of Judges?},
  journal = {Journal of Legal Studies},
  volume = 37,
  number = {1},
  pages = {87--129},
  doi = {10.2139/ssrn.913663}}

@INCOLLECTION{Draper1987,
  author = {Draper, Joan E.},
  year = 1987,
  title = {Paris by the Lake: Sources of {B}urnham's Plan of {C}hicago},
  booktitle = {Chicago Architecture, 1872--1922: Birth of a Metropolis},
  editor = {John Zukowsky},
  pages = {107--119},
  address = {Munich},
  publisher = {Prestel-Verlag in association with the Art Institute of Chicago}}

@ARTICLE{Edelman1992,
  author = 	{Lauren B. Edelman},
  title = 	{Legal Ambiguity and Symbolic Structures: Organizational Mediation of Civil Rights Law},
  journal = {American Journal of Sociology},
  year = 	1992,
  volume = 	97,
  number = 	6,
  pages = 	{1531--1576},
  doi = {10.1086/229939}}

@ARTICLE{EdelmanFullerMara2001,
  author = 	{Lauren B. Edelman and Sally Riggs Fuller and Iona Mara-Drita},
  title = 	{Diversity Rhetoric and the Managerialization of the Law},
  journal = {American Journal of Sociology},
  year = 	2001,
  volume = 	106,
  number = 	6,
  pages = 	{1589--1641},
  doi = {10.1086/321303}}

@ARTICLE{EdelmanUggenErlanger1999,
  author = 	{Lauren B. Edelman and Christopher Uggen and Howard S. Erlanger},
  title = 	{The Endogeneity of Legal Regulation: Grievance Procedures as Rational Myth},
  journal = {American Journal of Sociology},
  year = 	1999,
  volume = 	105,
  number =  2,
  pages = 	{406--454},
  doi = {10.1086/210316}}

@INCOLLECTION{Ell1968,
  author = {Ellet, Elizabeth F. L.},
  title = {By Rail and Stage to Galena},
  booktitle = {Prairie State: Impressions of {I}llinois, 1673--1967, by Travelers and Other Observers},
  editor = {Paul M. Angle},
  pages = {271--279},
  address = {Chicago},
  publisher = {University of Chicago Press},
  year = 1968}

@BOOK{FogEHPD04,
  author = {Robert William Fogel},
  year = 2004,
  title = {The Escape from Hunger and Premature Death, 1700--2100: {E}urope, {A}merica, and the {T}hird {W}orld},
  address = {New York},
  publisher = {Cambridge University Press}}

@ARTICLE{FogJEE04,
  author = {Fogel, Robert William},
  title = {Technophysio Evolution and the Measurement of Economic Growth},
  journal = {Journal of Evolutionary Economics},
  year = 2004, 
  volume = 14,
  number = 2,
  pages = {217--221},
  doi = {10.1007/s00191-004-0188-x}}

@BOOK{Fow89,
  author = {Fowler, Melvin L.},
  title = {The {C}ahokia Atlas: A Historical Atlas of {C}ahokia Archaeology},
  publisher = {Illinois Historic Preservation Agency},
  address = {Springfield},
  series = {Studies in Illinois Archaeology},
  number = 6,
  year = 1989}

@INCOLLECTION{Gould1984,
  author = {Gould, Glenn},
  year = 1984,
  title = {Streisand as {S}chwarzkopf},
  booktitle = {The {G}lenn {G}ould Reader},
  editor = {Tim Page},
  pages = {308--311},
  address = {New York},
  publisher = {Vintage}}

@BOOK{Gre08,
  editor = {Greenberg, Joel},
  year = 2008,
  title = {Of Prairie, Woods, and Water: Two Centuries of {C}hicago Nature Writing},
  address = {Chicago},
  publisher = {University of Chicago Press}}

@INCOLLECTION{Harrington1987,
  author = {Harrington, Elaine},
  year = 1987,
  title = {International Influences on {H}enry {H}obson {R}ichardson's {G}lessner {H}ouse},
  booktitle = {Chicago Architecture, 1872--1922: Birth of a Metropolis},
  editor = {John Zukowsky},
  pages = {189--207},
  address = {Munich},
  publisher = {Prestel-Verlag in association with the Art Institute of Chicago}}

@ONLINE{HarrisZucker2015,
author = {Harris, Beth and Steven Zucker},
year = 2015,
title = {Haussmann the Demolisher and the Creation of Modern Paris},
organization = {Smarthistory},
url = {https://smarthistory.org/haussmann-the-demolisher-and-the-creation-of-modern-paris}}

@BOOK{Heinrich2008,
  author = {Heinrich, Larissa},
  year = 2008,
  title = {The Afterlife of Images: Translating the Pathological Body between {C}hina and the {W}est},
  address = {Durham, NC},
  publisher = {Duke University Press}}

@BOOK{Jacobs1997,
  editor = {Jacobs, Sue-Ellen and Wesley Thomas and Sabine Lang},
  title = {Two-Spirit People: {N}ative {A}merican Gender Identity, Sexuality, and Spirituality},
  address = {Urbana},
  publisher = {University of Illinois Press},
  year = 1997}

@INCOLLECTION{Kelly2010,
  author = {Kelly, John D.},
  year = 2010,
  title = {Seeing Red: {M}ao Fetishism, {P}ax {A}mericana, and the Moral Economy of War},
  booktitle = {Anthropology and Global Counterinsurgency},
  editor = {John D. Kelly and Beatrice Jauregui and Sean T. Mitchell and Jeremy Walton},
  pages = {67--83},
  address = {Chicago},
  publisher = {University of Chicago Press}}

@BOOK{Kogan1974,
  author = {Kogan, Herman},
  title = {The First Century: The {C}hicago {B}ar {A}ssociation, 1874--1974},
  address = {Chicago},
  publisher = {Rand McNally},
  year = 1974}

@BOOK{KoganWendt1958,
  author = {Kogan, Herman and Wendt, Lloyd},
  title = {Chicago: A Pictorial History},
  address = {New York},
  publisher = {Dutton},
  year = 1958}

@BOOK{Lev05,
  author = {Levitt, Steven D. and Stephen J. Dubner},
  title = {Freakonomics: A Rogue Economist Explores the Hidden Side of Everything},
  address = {New York},
  publisher = {William Morrow},
  year = 2005}

@ARTICLE{Mno79,
  author = {Mnookin, Robert and Lewis Kornhauser},
  title = {Bargaining in the Shadow of the Law: The Case of Divorce},
  journal = {Yale Law Journal},
  year = 1979, 
  volume = 88,
  number = 5,
  pages = {950--997},
  doi = {10.2307/795824}}

@ARTICLE{Mor08,
  author = {Morasse, S{\'e}bastien and Helga Guderley and Julian J. Dodson},
  title = {Paternal Reproductive Strategy Influences Metabolic Capacities and Muscle Development of {A}tlantic Salmon (\emph{Salmo salar} L.) Embryos},
  journal = {Physiological and Biochemical Zoology},
 year = 2008,  
 volume = 81,
  number = 4,
  pages = {402--413},
doi = {10.1086/589012}}

@ARTICLE{Nowacki20,
  author = {Nowacki, J. S. and D. Creech and M. Parks},
  year = 2020,
  title = {Political Climate, Voter Suppression Policies and Federal Sentencing Outcomes},
  journal = {British Journal of Criminology},
  volume = 60,
  number = 5,
  pages = {1115--1180},
  doi = {10.1093/bjc/azaa017}}

@BOOK{Pelikan1971,
  author = {Pelikan, Jaroslav},
  title = {The Emergence of the Catholic Tradition (100--600)},
  volume = {1},
  series = {The {C}hristian Tradition: A History of the Development of Doctrine},
  address = {Chicago},
  publisher = {University of Chicago Press},
  year = 1971}

@INCOLLECTION{Piaget1995,
  author = {Piaget, Jean},
  year = 1995,
  title = {Logical Operators and Social Life},
  translator = {Wolfe Mays},
  booktitle = {Sociological Studies},
  editor = {Leslie Smith},
  pages = {134--157},
  address = {Hove, UK},
  publisher = {Routledge}}

@BOOK{Pollan2006,
  author = {Pollan, Michael},
  year = 2006,
  title = {The Omnivore's Dilemma: A Natural History of Four Meals},
  address = {New York},
  publisher = {Penguin}}

@ARTICLE{Prinzie09,
  author = {Prinzie, Peter and Geert Jan J. M. Stams and Maja Dekovi{\'c} and Albert H. A. Reijntjes and Jay Belsky},
  year = 2009,
  title = {The Relations between Parents' Big Five Personality Factors and Parenting: A Meta-analytic Review},
  journal = {Journal of Personality and Social Psychology},
  volume = 97,
  number = 2,
  pages = {351--362},
  doi = {10.1037/a0015823}}

@ARTICLE{Sch87,
  author = {Schuman, Howard and Jacqueline Scott},
  year = 1987,
  title = {Problems in the Use of Survey Questions to Measure Public Opinion},
  journal = {Science},
  volume = 236,
  number = 4804,
  pages = {957--959},
  doi = {10.1126/science.236.4804.957}}

@ARTICLE{Sch89,
  author = {Schuman, Howard and Jacqueline Scott},
  year = 1989,
  title = {Generations and Collective Memories},
  journal = {American Sociological Review},
  volume = 54,
  number = 3,
  pages = {359--381},
  doi = {10.2307/2095611}

@BOOK{Sol99,
  editor = {Soltes, Ori Z.},
  year = 1999,
  title = {Georgia: Art and Civilization through the Ages},
  address = {London},
  publisher = {Philip Wilson}}

@UNPUBLISHED{Stearns1864,
  author = {Stearns, A. A.},
  title = {Armory {S}quare {H}ospital Nursing Diary},
  year = 1864,
  note = {MS B 372. History of Medicine Division. National Library of Medicine, Bethesda, MD}}

@BOOK{Str00,
  author = {Strunk, Jr., William and E. B. White},
  title = {The Elements of Style},
  edition = {4th},
  address = {New York},
  publisher = {Allyn and Bacon},
  year = 2000}

@BOOK{VanWagenen1973,
  author = {Van Wagenen, Gertrude and Miriam E. Simpson},
  title = {Postnatal Development of the Ovary in \emph{Homo sapiens} and \emph{Macaca mulatta} and Induction of Ovulation in the Macaque},
  address = {New Haven, CT},
  publisher = {Yale University Press},
  year = 1973}

@PRESENTATION{Wagmiller18,
  author = {Wagmiller, R. L. and K. LaParo and D. Schrider and R, Wildfeuer and M. Ford and S. M. Hitchcock},
  year = 2018,
  title = {Attitudes towards Interracial Marriage in a Diverse and Unequal Metropolis: A Lost Letter Study},
  organization = {Poster presented at the American Sociological Association 113th Annual Meeting},
  month = aug,
  address = {Philadelphia, PA}}

@BOOK{Wau50,
  author = {Robert Wauchope},
  title = {A Tentative Sequence of Pre-Classic Ceramics in Middle {A}merica},
  publisher = {Tulane University},
  year = 1950,
  volume = 1,
  series = {Middle {A}merican Research Records},
  address = {New Orleans, LA}}

@BOOK{Weber2020,
  author = {Weber, Max},
  title = {Politik als Beruf \emph{[Politics as vocation]}},
  edition = {11th},
  address = {Berlin},
  publisher = {Duncker \& Humblot},
  year = {2010}}

@BOOK{Wei02,
  author = {Weigel, Detlef and Jane Glazebrook},
  title = {Arabidopsis: A Laboratory Manual},
  address = {Cold Spring Harbor, NY},
  publisher = {Cold Spring Harbor Laboratory Press},
  year = 2002}

@BOOK{Wittgenstein2009,
  author = {Wittgenstein, Ludwig},
  title = {Philosophical Investigations},
  translator = {Anscombe, G. E. M. and P. M. S. Hacker and Joachim Schulte},
  edition = {4th},
  address = {Oxford},
  publisher = {Wiley--Blackwell},
  year = 2009}

@BOOK{Woodward1977,
  author = {David Woodward},
  title = {The All-{A}merican Map: Wax Engraving and Its Influence on Cartography},
  publisher = {University of Chicago Press},
  address = {Chicago},
  year = 1977}

@BOOK{Woodward1987,
  editor = {David Woodward},
  title = {Art and Cartography: Six Historical Essays},
  publisher = {University of Chicago Press},
  address = {Chicago},
  year = 1987}

@BOOK{Woodward1996,
  author = {David Woodward},
  title = {Catalogue of Watermarks in {I}talian Printed Maps, ca.~1540--1600},
  publisher = {University of Chicago Press},
  address = {Chicago},
  year = 1996}
