@article{back2003,
  title={Explaining and predicting coalition outcomes: Conclusions from studying data on local coalitions},
  author={B{\"a}ck, Hanna},
  journal={European Journal of Political Research},
  volume={42},
  number={4},
  pages={441--472},
  year={2003},
  publisher={Wiley Online Library}
}

@article{back2008,
  title={Intra-party politics and coalition formation: Evidence from Swedish local government},
  author={B{\"a}ck, Hanna},
  journal={Party Politics},
  volume={14},
  number={1},
  pages={71--89},
  year={2008},
  publisher={Sage Publications Sage UK: London, England},
  doi={10.1177/1354068807081818}
}

@article{deschouwer2003,
  title={Political parties in multi-layered systems},
  author={Deschouwer, Kris},
  journal={European urban and regional studies},
  volume={10},
  number={3},
  pages={213--226},
  year={2003},
  publisher={Sage Publications}, 
  doi={10.1177/09697764030103003}
}

@article{golder2005,
  title={Pre-electoral coalitions in comparative perspective: {A} test of existing hypotheses},
  author={Golder, Sona N},
  journal={Electoral studies},
  volume={24},
  number={4},
  pages={643--663},
  year={2005},
  publisher={Elsevier}, 
  doi={10.1016/j.electstud.2005.01.007}
}

@book{golder2006,
  title={The logic of pre-electoral coalition formation},
  author={Golder, Sona N},
  year={2006},
  publisher={Ohio State University Press}
}

@article{golder2006b,
  title={Pre-electoral coalition formation in parliamentary democracies},
  author={Golder, Sona N},
  journal={British journal of political science},
  volume={36},
  number={2},
  pages={193--212},
  year={2006},
  publisher={Cambridge University Press}, 
  doi={10.1017/S0007123406000123}
}

@article{greene2017,
  title={Maintaining {P}artisan ties: {P}reference divergence and partisan collaboration in {W}estern {E}urope},
  author={Greene, Zachary and Haber, Matthias},
  journal={Party Politics},
  volume={23},
  number={1},
  pages={30--42},
  year={2017},
  publisher={SAGE Publications Sage UK: London, England}, 
  doi={10.1177/1354068816655570}
}

@article{gross2022,
  title={Electoral strategies in multilevel systems: the effect of national politics on regional elections},
  author={Gross, Martin and Krauss, Svenja and Praprotnik, Katrin},
  journal={Regional Studies},
  pages={1--13},
  year={2022},
  publisher={Taylor \& Francis}, 
  doi={10.1080/00343404.2022.2107193}
}

@article{gschwend2008,
  title={Should I stay or should I go? An experimental study on voter responses to pre-electoral coalitions},
  author={Gschwend, Thomas and Hooghe, Marc},
  journal={European Journal of Political Research},
  volume={47},
  number={5},
  pages={556--577},
  year={2008},
  publisher={Wiley Online Library}, 
  doi={10.1111/j.1475-6765.2008.00787.x}
}

@article{haugsgjerd2009,
  title={Overcoming the fear of commitment: Pre-electoral coalitions in Norway and Sweden},
  author={Haugsgjerd Allern, Elin and Aylott, Nicholas},
  journal={Acta politica},
  volume={44},
  number={3},
  pages={259--285},
  year={2009},
  publisher={Springer}, 
  doi={10.1057/ap.2009.1}
}

@article{havlik2022,
  title={The {P}opulist Vs {A}nti-{P}opulist {D}ivide in the {T}ime of {P}andemic: {T}he 2021 {C}zech {N}ational {E}lection and its {C}onsequences for {E}uropean {P}olitics},
  author={Havl{\'\i}k, Vlastimil and Kluknavsk{\'a}, Alena},
  journal={JCMS: Journal of Common Market Studies},
  volume={60},
  pages={76--87},
  year={2022},
  publisher={Wiley Online Library}, 
  doi={10.1111/jcms.13413}
}

@article{havlik2022b,
  author = {Havl{\'\i}k and Lysek, Jakub},
  journal = {Czech Journal of Political Science},
  number = {3},
  pages = {225--238},
  title = {The {C}zech 2021 {G}eneral {E}lection and its {I}mpact on the {P}arty {S}ystem},
  volume = {29},
  year = {2022},
  doi = {10.5817/PC2022-3-225}
}

@article{heath1999,
  title={Between first and second order: A comparison of voting behaviour in European and local elections in Britain},
  author={Heath, Anthony and McLean, Iain and Taylor, Bridget and Curtice, John},
  journal={European Journal of Political Research},
  volume={35},
  number={3},
  pages={389--414},
  year={1999},
  publisher={Springer}, 
  doi={10.1023/A:1006924510899}
}

@article{hendrawan2021,
  title={Parties as pay-off seekers: {P}re-electoral coalitions in a patronage democracy},
  author={Hendrawan, Adrianus and Berenschot, Ward and Aspinall, Edward},
  journal={Electoral Studies},
  volume={69},
  pages={1--10},
  year={2021},
  publisher={Elsevier}, 
  doi={10.1016/j.electstud.2020.102238}
}

@article{hicken2011,
  title={Presidents and parties: How presidential elections shape coordination in legislative elections},
  author={Hicken, Allen and Stoll, Heather},
  journal={Comparative Political Studies},
  volume={44},
  number={7},
  pages={854--883},
  year={2011},
  publisher={Sage Publications Sage CA: Los Angeles, CA},
  doi={10.1177/0010414011401231}
}

@article{hijino2021,
  author = {Ken Victor Leonard Hijino},
  title = {What drives Japanese regional elections? Multilevel factors and partisan independents},
  journal = {Regional \& Federal Studies},
  volume = {31},
  number = {3},
  pages = {419--432},
  year  = {2021},
  doi = {10.1080/13597566.2020.1840367}
}

@article{ibenskas2016,
  title={Understanding pre-electoral coalitions in {C}entral and {E}astern {E}urope},
  author={Ibenskas, Raimondas},
  journal={British Journal of Political Science},
  volume={46},
  number={4},
  pages={743--761},
  year={2016},
  publisher={Cambridge University Press}, 
  doi={10.1017/S0007123414000544}
}

@article{ibenskas2018,
  title={Forms of inter-party cooperation: {E}lectoral coalitions and party mergers},
  author={Ibenskas, Raimondas and Bolleyer, Nicole},
  journal={East European Politics and Societies},
  volume={32},
  number={3},
  pages={451--472},
  year={2018},
  publisher={SAGE Publications Sage CA: Los Angeles, CA}, 
  doi={10.1177/0888325418755299}
}

@article{ibenskas2020,
  title={Forging enmities and friendships: {E}uroparties, electoral coalitions and mergers in {C}entral and {E}astern {E}urope},
  author={Ibenskas, Raimondas},
  journal={Party Politics},
  volume={26},
  number={1},
  pages={69--81},
  year={2020},
  publisher={SAGE Publications Sage UK: London, England},
  doi={10.1177/13540688187546}
}

@article{jolly2022,
  title={Chapel {H}ill expert survey trend file, 1999--2019},
  author={Jolly, Seth and Bakker, Ryan and Hooghe, Liesbet and Marks, Gary and Polk, Jonathan and Rovny, Jan and Steenbergen, Marco and Vachudova, Milada Anna},
  journal={Electoral Studies},
  volume={75},
  pages={1--8},
  year={2022},
  publisher={Elsevier}, 
  doi={10.1016/j.electstud.2021.102420}
}

@article{linek2022,
  title = {Economic and {P}andemic {P}erformance {V}oting in the 2021 {C}zech {N}ational {E}lection},
  author = {Linek, Lukáš and Škvrňák, Michael},
  journal = {Czech Journal of Political Science},
  pages = {281--297},
  volume = {29},
  number = {3},
  year = {2022},
  doi={10.5817/pc2022-3-281}
}

@article{lysek2022,
  title={The {U}nintended {C}osts and {U}nfulfilled {P}romises of {C}oncurrent {E}lections: {A} {N}atural {E}xperiment on {T}urnout and {I}nvalid {V}oting},
  author={Lysek, Jakub and Kouba, Karel},
  journal={East European Politics and Societies},
  volume={36},
  number={3},
  pages={753--779},
  year={2022},
  publisher={SAGE Publications Sage CA: Los Angeles, CA}, 
  doi={10.1177/0888325421989804}
}

@article{magyar2022,
  title={Marriage of love or marriage of convenience? The determinants of pre-electoral coalition formation during the French Fifth Republic 1962--2012},
  author={Magyar, Zsuzsanna},
  journal={Journal of Elections, Public Opinion and Parties},
  volume={32},
  number={1},
  pages={88--106},
  year={2022},
  publisher={Taylor \& Francis}, 
  doi={10.1080/17457289.2020.1746911}
}

@article{maskarinec2022,
  title={The Pirates of Czechia: The Curse of Preferential Vote},
  author={Ma{\v{s}}karinec, Pavel and Naxera, Vladim{\'\i}r},
  journal={Slovak Journal of Political Sciences},
  volume={22},
  number={1},
  pages={5--24},
  year={2022}
}

@article{moffitt2018,
  title={The populism/anti-populism divide in Western Europe},
  author={Moffitt, Benjamin},
  journal={Democratic Theory},
  volume={5},
  number={2},
  pages={1--16},
  year={2018},
  publisher={Berghahn Journals}
}

@book{muller1999,
  title={Policy, Office, or Votes: How Political Parties in Western Europe Make Hard Decisions},
  author={M{\"u}ller, Wolfgang C and Str{\o}m, Kaare},
  publisher={Cambridge University Press},
  year={1999}
}

@article{reif1980,
  title={Nine second-order national elections--a conceptual framework for the analysis of European Election results},
  author={Reif, Karlheinz and Schmitt, Hermann},
  journal={European journal of political research},
  volume={8},
  number={1},
  pages={3--44},
  year={1980},
  publisher={Wiley Online Library}, 
  doi={10.1111/j.1475-6765.1980.tb00737.x}
}

@article{roberts2018,
  title={Effort, incentives, and culture in the {C}zech {S}enate},
  author={Roberts, Andrew},
  journal={The Journal of Legislative Studies},
  volume={24},
  number={2},
  pages={197--210},
  year={2018},
  publisher={Taylor \& Francis}, 
  doi={10.1080/13572334.2018.1477272}
}

@article{schakel2013,
  title={Are regional elections really ‘second-order’ elections?},
  author={Schakel, Arjan H and Jeffery, Charlie},
  journal={Regional studies},
  volume={47},
  number={3},
  pages={323--341},
  year={2013},
  publisher={Taylor \& Francis}, 
  doi={10.1080/00343404.2012.690069}
}

@article{schakel2021,
  title={Horizontal and vertical spill-over in multilevel electoral systems},
  author={Schakel, Arjan H and Romanova, Valentyna},
  journal={Regional \& Federal Studies},
  volume={31},
  number={3},
  pages={299--311},
  year={2021},
  publisher={Taylor \& Francis}, 
  doi={10.1080/13597566.2021.1934455}
}

@document{silar2019,
  title={Vznik a rozpad volebn{\'\i} koalice Lidovci a Starostov{\'e}},
  author={{\v{S}}ilar, Adam},
  year={2019},
  publisher={Univerzita Karlova, Fakulta soci{\'a}ln{\'\i}ch v{\v{e}}d}
}

@article{silva2022,
  title={Campaign resources and pre-electoral coalitions},
  author={Cunha Silva, Patrick},
  journal={Party Politics},
  volume={28},
  number={1},
  pages={105--114},
  year={2022},
  publisher={SAGE Publications Sage UK: London, England}, 
  doi={10.1177/1354068820961623}
}

@article{skvrnak2021,
  title={You’ll never rule alone: how football clubs and party membership affect coalition formation},
  author={{\v{S}}kvr{\v{n}}{\'a}k, Michael},
  journal={Local Government Studies},
  volume={47},
  number={2},
  pages={312--330},
  year={2021},
  publisher={Taylor \& Francis}, 
  doi={10.1080/03003930.2020.1787167}
}

@incollection{voda2022,
  title={Czech {R}epublic: {L}ocal elections in a fragmented municipal system},
  author={Voda, Petr},
  booktitle={The {R}outledge {H}andbook of {L}ocal {E}lections and {V}oting in {E}urope},
  pages={271--281},
  year={2022},
  publisher={Routledge}
}